<collection xmlns="http://www.loc.gov/MARC21/slim">
<record>
  <leader>00941nam0a22001931i 450 </leader>
  <controlfield tag="001">IT\ICCU\CNCE\059098</controlfield>
  <controlfield tag="005">20040911000000.0</controlfield>
  <datafield tag="100" ind1=" " ind2=" ">
    <subfield code="a">20040911d1596        0itac0103    ba</subfield>
  </datafield>
  <datafield tag="101" ind1=" " ind2=" ">
    <subfield code="a">LAT</subfield>
  </datafield>
  <datafield tag="102" ind1=" " ind2=" ">
    <subfield code="a">IT</subfield>
  </datafield>
  <datafield tag="200" ind1="1" ind2=" ">
    <subfield code="a">De compositione medicamentorum tam intrinsecus assumptorum \!!, quam extrinsecus admovendorum, de eorum ac simplicium mixtione, exibendi ratione, usuque in singulis morbis convenienti quantitate et formulis describendis li. III; editio altera</subfield>
  </datafield>
  <datafield tag="210" ind1=" " ind2=" ">
    <subfield code="a">Tridini</subfield>
    <subfield code="c">per Claram Iolitam</subfield>
    <subfield code="d">1596</subfield>
  </datafield>
  <datafield tag="620" ind1=" " ind2=" ">
    <subfield code="a">IT</subfield>
    <subfield code="d">Trino</subfield>
  </datafield>
  <datafield tag="700" ind1=" " ind2="1">
    <subfield code="a">Serafino,</subfield>
    <subfield code="b">Guglielmo</subfield>
    <subfield code="3">IT\ICCU\CNCA\007729</subfield>
  </datafield>
  <datafield tag="712" ind1="0" ind2="0">
    <subfield code="a">Giolito De Ferrari, Chiara</subfield>
    <subfield code="3">IT\ICCU\CNCT\002347</subfield>
    <subfield code="4">650</subfield>
  </datafield>
  <datafield tag="790" ind1=" " ind2="1">
    <subfield code="a">Seraphinus,</subfield>
    <subfield code="b">Gulielmus</subfield>
    <subfield code="3">IT\ICCU\CNCA\025682</subfield>
    <subfield code="z">Serafino, Guglielmo</subfield>
  </datafield>
  <datafield tag="791" ind1="0" ind2="0">
    <subfield code="a">Iolita De Ferrariis, Clara</subfield>
    <subfield code="3">IT\ICCU\CNCT\003846</subfield>
    <subfield code="z">Giolito De Ferrari, Chiara</subfield>
  </datafield>
  <datafield tag="791" ind1="0" ind2="0">
    <subfield code="a">Giolita de&apos; Ferrari, Clara</subfield>
    <subfield code="3">IT\ICCU\CNCT\004884</subfield>
    <subfield code="z">Giolito De Ferrari, Chiara</subfield>
  </datafield>
  <datafield tag="801" ind1=" " ind2="3">
    <subfield code="a">IT</subfield>
    <subfield code="b">ICCU</subfield>
    <subfield code="c">20201115</subfield>
  </datafield>
</record>
</collection>
